
@online{database,
	title = {Base de données publique des médicaments (base officielle) - Data.gouv.fr},
	url = {/fr/datasets/base-de-donnees-publique-des-medicaments-base-officielle/},
	abstract = {La base de données publique des médicaments permet au…},
	urldate = {2018-05-09},
	langid = {french},
	file = {Snapshot:/home/alsyia/Zotero/storage/FRPENM5K/base-de-donnees-publique-des-medicaments-base-officielle.html:text/html}
}

@online{fixation,
	title = {La fixation des prix et du taux de remboursement},
	url = {http://solidarites-sante.gouv.fr/soins-et-maladies/medicaments/le-circuit-du-medicament/article/la-fixation-des-prix-et-du-taux-de-remboursement},
	abstract = {Après avoir obtenu une autorisation de mise sur le marché, une entreprise pharmaceutique peut fixer librement le prix d'un médicament. Pour qu'il soit remboursable par la Sécurité Sociale, elle doit…},
	titleaddon = {Ministère des Solidarités et de la Santé},
	urldate = {2018-05-09},
	date = {2016-06-13},
	langid = {french},
	file = {Snapshot:/home/alsyia/Zotero/storage/KBHJWJY7/la-fixation-des-prix-et-du-taux-de-remboursement.html:text/html}
}


@online{smrasmr,
	title = {Haute Autorité de Santé - Le service médical rendu ({SMR}) et l’amélioration du service médical rendu ({ASMR})},
	url = {https://www.has-sante.fr/portail/jcms/r_1506267/fr/le-service-medical-rendu-smr-et-l-amelioration-du-service-medical-rendu-asmr},
	urldate = {2018-05-09},
	file = {Haute Autorité de Santé - Le service médical rendu (SMR) et l’amélioration du service médical rendu (ASMR):/home/alsyia/Zotero/storage/4VCD92NZ/le-service-medical-rendu-smr-et-l-amelioration-du-service-medical-rendu-asmr.html:text/html}
}